<?xml version="1.0" encoding="UTF-8"?><collection xmlns="http://www.loc.gov/MARC21/slim"><record><leader>00406nam--2200145-i-4500</leader><controlfield tag="001">000006024</controlfield><controlfield tag="002">20161230</controlfield><controlfield tag="005">20161230201026</controlfield><controlfield tag="008">060222s1000------------r-----000-0-eng-d</controlfield><datafield ind1=" " ind2=" " tag="080"><subfield code="a">539.1.074.8</subfield></datafield><datafield ind1=" " ind2=" " tag="100"><subfield code="a">Adamesi, P., Cavallini, A., Rimondi, O</subfield></datafield><datafield ind1=" " ind2=" " tag="245"><subfield code="a">Taratura del film badge per neutroni veloci</subfield></datafield><datafield ind1=" " ind2=" " tag="260"><subfield code="a">Roma, Comitato Nazionale Energia Nucleare, 1962 32 P</subfield></datafield><datafield ind1=" " ind2=" " tag="490"><subfield code="a">62 - 8</subfield></datafield><datafield ind1=" " ind2=" " tag="852"><subfield code="a">17342</subfield></datafield></record></collection>